@article{dong2012image,
  author  = {Dong, Weisheng and Zhang, Lei and Shi, Guangming and Li, Xin},
  title   = {Image deblurring with boosted {BM3D} regularization},
  journal = {IEEE Transactions on Image Processing},
  year    = {2012},
  volume  = {21},
  number  = {7},
  pages   = {2955--2961}
}
